<record><leader>00000cas a22000007a 4500</leader><controlfield tag="001">12326318</controlfield><controlfield tag="008">850730d19121912hiuzr ne      0    0jpn d</controlfield><datafield ind1=" " ind2=" " tag="010"><subfield code="a">sn 85047179 </subfield></datafield><datafield ind1=" " ind2=" " tag="040"><subfield code="a">HWN</subfield><subfield code="b">eng</subfield><subfield code="c">HWN</subfield><subfield code="d">OCLCQ</subfield><subfield code="d">OCLCF</subfield><subfield code="d">OCLCO</subfield><subfield code="d">OCL</subfield></datafield><datafield ind1="1" ind2=" " tag="029"><subfield code="a">AU@</subfield><subfield code="b">000015765480</subfield></datafield><datafield ind1=" " ind2=" " tag="042"><subfield code="a">msc</subfield></datafield><datafield ind1=" " ind2=" " tag="043"><subfield code="a">n-us-hi</subfield></datafield><datafield ind1="0" ind2="0" tag="245"><subfield code="a">Aloha news.</subfield></datafield><datafield ind1=" " ind2=" " tag="260"><subfield code="a">[Honolulu :</subfield><subfield code="b">Hawai Shinpo&#772;],</subfield><subfield code="c">1912.</subfield></datafield><datafield ind1=" " ind2=" " tag="300"><subfield code="a">8 v. ;</subfield><subfield code="c">26 x 35 cm.</subfield></datafield><datafield ind1=" " ind2=" " tag="310"><subfield code="a">Hourly</subfield></datafield><datafield ind1="0" ind2=" " tag="362"><subfield code="a">Apr. 14, 1912.</subfield></datafield><datafield ind1=" " ind2=" " tag="500"><subfield code="a">Eight unnumbered issues, issued Apr. 14, 1912.</subfield></datafield><datafield ind1=" " ind2=" " tag="546"><subfield code="a">In Japanese.</subfield></datafield><datafield ind1=" " ind2=" " tag="580"><subfield code="a">"Published hourly in Commemoration of the Five Thousandth Number of the Hawaii Shinpo."</subfield></datafield><datafield ind1=" " ind2="0" tag="650"><subfield code="a">Japanese periodicals</subfield><subfield code="z">Hawaii.</subfield></datafield><datafield ind1=" " ind2="7" tag="650"><subfield code="a">Japanese periodicals.</subfield><subfield code="2">fast</subfield><subfield code="0">(OCoLC)fst00981888</subfield></datafield><datafield ind1=" " ind2="7" tag="651"><subfield code="a">Hawaii.</subfield><subfield code="2">fast</subfield><subfield code="0">(OCoLC)fst01208724</subfield></datafield><datafield ind1="0" ind2=" " tag="730"><subfield code="a">Hawai shinpo&#772;.</subfield></datafield><datafield ind1=" " ind2=" " tag="752"><subfield code="a">United States</subfield><subfield code="b">Hawaii</subfield><subfield code="c">Honolulu</subfield><subfield code="d">Honolulu.</subfield></datafield><datafield ind1="1" ind2=" " tag="787"><subfield code="t">Hawai shinpo&#772;</subfield><subfield code="w">(DLC)sn 85047086</subfield><subfield code="w">(OCoLC)12030462</subfield></datafield></record>